<?xml version="1.0" encoding="UTF-8"?><collection xmlns="http://www.loc.gov/MARC21/slim"><record><leader>00364nam--2200133-i-4500</leader><controlfield tag="001">000045479</controlfield><controlfield tag="002">20161230</controlfield><controlfield tag="005">20161230201045</controlfield><controlfield tag="008">060222s1000------------r-----000-0-eng-d</controlfield><datafield ind1=" " ind2=" " tag="080"><subfield code="a">693.54</subfield></datafield><datafield ind1=" " ind2=" " tag="100"><subfield code="a">Manari,Dan</subfield></datafield><datafield ind1=" " ind2=" " tag="245"><subfield code="a">Tehnologia moderna a betoanelor de rezistenta. vol.3:lucrari speciale de betonare</subfield></datafield><datafield ind1=" " ind2=" " tag="260"><subfield code="a">Bucuresti, Cdcas, 1971. 56 P</subfield></datafield><datafield ind1=" " ind2=" " tag="852"><subfield code="a">37795</subfield></datafield></record></collection>